<?xml version="1.0" encoding="UTF-8"?>
<collection xmlns:xsi="http://www.w3.org/2001/XMLSchema-instance" xsi:schemaLocation="http://www.loc.gov/MARC21/slim http://www.loc.gov/standards/marcxml/schema/MARC21slim.xsd" xmlns="http://www.loc.gov/MARC21/slim">
<record>
  <leader>00845cam a2200253   4500</leader>
  <controlfield tag="001">2479410</controlfield>
  <controlfield tag="003">NNC</controlfield>
  <controlfield tag="005">20100113134029.0</controlfield>
  <controlfield tag="008">860129s1966    iq af    b    000 0 ara c</controlfield>
  <datafield tag="010" ind1=" " ind2=" ">
    <subfield code="a">ne 67000049 </subfield>
  </datafield>
  <datafield tag="035" ind1=" " ind2=" ">
    <subfield code="a">(OCoLC)ocm13079051</subfield>
  </datafield>
  <datafield tag="035" ind1=" " ind2=" ">
    <subfield code="9">AQD0410CU</subfield>
  </datafield>
  <datafield tag="035" ind1=" " ind2=" ">
    <subfield code="a">(NNC)2479410</subfield>
  </datafield>
  <datafield tag="040" ind1=" " ind2=" ">
    <subfield code="a">Princeton Univ. Libr.</subfield>
    <subfield code="c">IXA</subfield>
    <subfield code="d">IXA</subfield>
    <subfield code="d">OCL</subfield>
    <subfield code="d">ZCU</subfield>
  </datafield>
  <datafield tag="090" ind1=" " ind2=" ">
    <subfield code="a">CJ3890.I6</subfield>
    <subfield code="b">H88</subfield>
  </datafield>
  <datafield tag="100" ind1="1" ind2=" ">
    <subfield code="a">Ḥusaynī, Muḥammad Bạqir.</subfield>
  </datafield>
  <datafield tag="245" ind1="1" ind2="3">
    <subfield code="a">al-ʻUmlah al-Islāmīyah fī al-ʻahd al-Atābakī</subfield>
    <subfield code="c">[taʾlīf] Muḥammad Bāqir al-Ḥusaynī.</subfield>
  </datafield>
  <datafield tag="260" ind1=" " ind2=" ">
    <subfield code="a">Bagdād,</subfield>
    <subfield code="b">Maṭbaʻat Dār al-Jāḥiẓ,</subfield>
    <subfield code="c">1966.</subfield>
  </datafield>
  <datafield tag="300" ind1=" " ind2=" ">
    <subfield code="a">229 p.</subfield>
    <subfield code="b">illus., plates.</subfield>
    <subfield code="c">25 cm.</subfield>
  </datafield>
  <datafield tag="500" ind1=" " ind2=" ">
    <subfield code="a">Risālat al-mājistīr -- Jāmiʻat al-Qāhirah.</subfield>
  </datafield>
  <datafield tag="504" ind1=" " ind2=" ">
    <subfield code="a">Bibliography: p. 147-150.</subfield>
  </datafield>
  <datafield tag="650" ind1=" " ind2="0">
    <subfield code="a">Islamic coins.</subfield>
  </datafield>
  <datafield tag="650" ind1=" " ind2="0">
    <subfield code="a">Numismatics</subfield>
    <subfield code="z">Iraq.</subfield>
  </datafield>
  <datafield tag="955" ind1=" " ind2=" ">
    <subfield code="b">CU60665394</subfield>
    <subfield code="d">off,glx</subfield>
    <subfield code="e">CJ3890.I6 H88</subfield>
  </datafield>
</record>
</collection>